%YAML 1.1
%TAG !u! tag:unity3d.com,2011:
--- !u!1 &7402187837774968594
GameObject:
  m_ObjectHideFlags: 0
  m_CorrespondingSourceObject: {fileID: 0}
  m_PrefabInstance: {fileID: 0}
  m_PrefabAsset: {fileID: 0}
  serializedVersion: 6
  m_Component:
  - component: {fileID: 7402187837774968621}
  - component: {fileID: 7402187837774968622}
  - component: {fileID: 7402187837774968623}
  - component: {fileID: 7402187837774968592}
  - component: {fileID: 7402187837774968593}
  m_Layer: 0
  m_Name: Window8Long
  m_TagString: Untagged
  m_Icon: {fileID: 0}
  m_NavMeshLayer: 0
  m_StaticEditorFlags: 0
  m_IsActive: 1
--- !u!4 &7402187837774968621
Transform:
  m_ObjectHideFlags: 0
  m_CorrespondingSourceObject: {fileID: 0}
  m_PrefabInstance: {fileID: 0}
  m_PrefabAsset: {fileID: 0}
  m_GameObject: {fileID: 7402187837774968594}
  m_LocalRotation: {x: 0, y: 0, z: 0, w: 1}
  m_LocalPosition: {x: 0, y: 0, z: 0}
  m_LocalScale: {x: 1, y: 1, z: 1}
  m_Children: []
  m_Father: {fileID: 0}
  m_RootOrder: 0
  m_LocalEulerAnglesHint: {x: 0, y: 0, z: 0}
--- !u!114 &7402187837774968622
MonoBehaviour:
  m_ObjectHideFlags: 0
  m_CorrespondingSourceObject: {fileID: 0}
  m_PrefabInstance: {fileID: 0}
  m_PrefabAsset: {fileID: 0}
  m_GameObject: {fileID: 7402187837774968594}
  m_Enabled: 1
  m_EditorHideFlags: 0
  m_Script: {fileID: 11500000, guid: 8233d90336aea43098adf6dbabd606a2, type: 3}
  m_Name: 
  m_EditorClassIdentifier: 
  m_MeshFormatVersion: 1
  m_Faces:
  - m_Indexes: 000000000100000002000000010000000300000002000000
    m_SmoothingGroup: 0
    m_Uv:
      m_UseWorldSpace: 0
      m_FlipU: 0
      m_FlipV: 0
      m_SwapUV: 0
      m_Fill: 1
      m_Scale: {x: 1, y: 1}
      m_Offset: {x: 0, y: 0}
      m_Rotation: 0
      m_Anchor: 9
    m_Material: {fileID: 0}
    m_SubmeshIndex: 0
    m_ManualUV: 0
    elementGroup: -1
    m_TextureGroup: -1
  - m_Indexes: 100000000d0000000f0000000e0000000c000000110000000e00000011000000100000000e000000100000000f000000
    m_SmoothingGroup: 0
    m_Uv:
      m_UseWorldSpace: 0
      m_FlipU: 0
      m_FlipV: 0
      m_SwapUV: 0
      m_Fill: 1
      m_Scale: {x: 1, y: 1}
      m_Offset: {x: 0, y: 0}
      m_Rotation: 0
      m_Anchor: 9
    m_Material: {fileID: 0}
    m_SubmeshIndex: 0
    m_ManualUV: 0
    elementGroup: -1
    m_TextureGroup: -1
  - m_Indexes: 040000000500000006000000050000000700000006000000
    m_SmoothingGroup: 0
    m_Uv:
      m_UseWorldSpace: 0
      m_FlipU: 0
      m_FlipV: 0
      m_SwapUV: 0
      m_Fill: 1
      m_Scale: {x: 1, y: 1}
      m_Offset: {x: 0, y: 0}
      m_Rotation: 0
      m_Anchor: 9
    m_Material: {fileID: 0}
    m_SubmeshIndex: 0
    m_ManualUV: 0
    elementGroup: -1
    m_TextureGroup: -1
  - m_Indexes: 160000001300000015000000140000001200000017000000140000001700000016000000140000001600000015000000
    m_SmoothingGroup: 0
    m_Uv:
      m_UseWorldSpace: 0
      m_FlipU: 0
      m_FlipV: 0
      m_SwapUV: 0
      m_Fill: 1
      m_Scale: {x: 1, y: 1}
      m_Offset: {x: 0, y: 0}
      m_Rotation: 0
      m_Anchor: 9
    m_Material: {fileID: 0}
    m_SubmeshIndex: 0
    m_ManualUV: 0
    elementGroup: -1
    m_TextureGroup: -1
  - m_Indexes: 08000000090000000a000000090000000b0000000a000000
    m_SmoothingGroup: 0
    m_Uv:
      m_UseWorldSpace: 0
      m_FlipU: 0
      m_FlipV: 0
      m_SwapUV: 0
      m_Fill: 1
      m_Scale: {x: 1, y: 1}
      m_Offset: {x: 0, y: 0}
      m_Rotation: 0
      m_Anchor: 9
    m_Material: {fileID: 0}
    m_SubmeshIndex: 0
    m_ManualUV: 0
    elementGroup: -1
    m_TextureGroup: -1
  - m_Indexes: 1a00000018000000190000001a0000001b00000018000000
    m_SmoothingGroup: 0
    m_Uv:
      m_UseWorldSpace: 0
      m_FlipU: 0
      m_FlipV: 0
      m_SwapUV: 0
      m_Fill: 1
      m_Scale: {x: 1, y: 1}
      m_Offset: {x: 0, y: 0}
      m_Rotation: 0
      m_Anchor: 9
    m_Material: {fileID: 2100000, guid: c22777d6e868e4f2fb421913386b154e, type: 2}
    m_SubmeshIndex: 0
    m_ManualUV: 0
    elementGroup: 0
    m_TextureGroup: -1
  - m_Indexes: 1d0000001f0000001c0000001d0000001e0000001f000000
    m_SmoothingGroup: 0
    m_Uv:
      m_UseWorldSpace: 0
      m_FlipU: 0
      m_FlipV: 0
      m_SwapUV: 0
      m_Fill: 1
      m_Scale: {x: 1, y: 1}
      m_Offset: {x: 0, y: 0}
      m_Rotation: 0
      m_Anchor: 9
    m_Material: {fileID: 2100000, guid: c22777d6e868e4f2fb421913386b154e, type: 2}
    m_SubmeshIndex: 0
    m_ManualUV: 0
    elementGroup: 0
    m_TextureGroup: -1
  - m_Indexes: 220000002000000021000000220000002300000020000000
    m_SmoothingGroup: 0
    m_Uv:
      m_UseWorldSpace: 0
      m_FlipU: 0
      m_FlipV: 0
      m_SwapUV: 0
      m_Fill: 1
      m_Scale: {x: 1, y: 1}
      m_Offset: {x: 0, y: 0}
      m_Rotation: 0
      m_Anchor: 9
    m_Material: {fileID: 2100000, guid: c22777d6e868e4f2fb421913386b154e, type: 2}
    m_SubmeshIndex: 0
    m_ManualUV: 0
    elementGroup: 0
    m_TextureGroup: 1
  - m_Indexes: 260000002700000024000000250000002600000024000000
    m_SmoothingGroup: 0
    m_Uv:
      m_UseWorldSpace: 0
      m_FlipU: 0
      m_FlipV: 0
      m_SwapUV: 0
      m_Fill: 1
      m_Scale: {x: 1, y: 1}
      m_Offset: {x: 0, y: 0}
      m_Rotation: 0
      m_Anchor: 9
    m_Material: {fileID: 2100000, guid: c22777d6e868e4f2fb421913386b154e, type: 2}
    m_SubmeshIndex: 0
    m_ManualUV: 0
    elementGroup: 0
    m_TextureGroup: 2
  - m_Indexes: 290000002a0000002b00000028000000290000002b000000
    m_SmoothingGroup: 0
    m_Uv:
      m_UseWorldSpace: 0
      m_FlipU: 0
      m_FlipV: 0
      m_SwapUV: 0
      m_Fill: 1
      m_Scale: {x: 1, y: 1}
      m_Offset: {x: 0, y: 0}
      m_Rotation: 0
      m_Anchor: 9
    m_Material: {fileID: 2100000, guid: c22777d6e868e4f2fb421913386b154e, type: 2}
    m_SubmeshIndex: 0
    m_ManualUV: 0
    elementGroup: 0
    m_TextureGroup: 2
  - m_Indexes: 2e0000002f0000002c0000002d0000002e0000002c000000
    m_SmoothingGroup: 0
    m_Uv:
      m_UseWorldSpace: 0
      m_FlipU: 0
      m_FlipV: 0
      m_SwapUV: 0
      m_Fill: 1
      m_Scale: {x: 1, y: 1}
      m_Offset: {x: 0, y: 0}
      m_Rotation: 0
      m_Anchor: 9
    m_Material: {fileID: 2100000, guid: c22777d6e868e4f2fb421913386b154e, type: 2}
    m_SubmeshIndex: 0
    m_ManualUV: 0
    elementGroup: 0
    m_TextureGroup: 3
  - m_Indexes: 310000003200000033000000300000003100000033000000
    m_SmoothingGroup: 0
    m_Uv:
      m_UseWorldSpace: 0
      m_FlipU: 0
      m_FlipV: 0
      m_SwapUV: 0
      m_Fill: 1
      m_Scale: {x: 1, y: 1}
      m_Offset: {x: 0, y: 0}
      m_Rotation: 0
      m_Anchor: 9
    m_Material: {fileID: 2100000, guid: c22777d6e868e4f2fb421913386b154e, type: 2}
    m_SubmeshIndex: 0
    m_ManualUV: 0
    elementGroup: 0
    m_TextureGroup: 3
  - m_Indexes: 350000003700000034000000350000003600000037000000
    m_SmoothingGroup: 0
    m_Uv:
      m_UseWorldSpace: 0
      m_FlipU: 0
      m_FlipV: 0
      m_SwapUV: 0
      m_Fill: 1
      m_Scale: {x: 1, y: 1}
      m_Offset: {x: 0, y: 0}
      m_Rotation: 0
      m_Anchor: 9
    m_Material: {fileID: 2100000, guid: c22777d6e868e4f2fb421913386b154e, type: 2}
    m_SubmeshIndex: 0
    m_ManualUV: 0
    elementGroup: 0
    m_TextureGroup: 4
  - m_Indexes: 380000003a0000003b00000038000000390000003a000000
    m_SmoothingGroup: 0
    m_Uv:
      m_UseWorldSpace: 0
      m_FlipU: 0
      m_FlipV: 0
      m_SwapUV: 0
      m_Fill: 1
      m_Scale: {x: 1, y: 1}
      m_Offset: {x: 0, y: 0}
      m_Rotation: 0
      m_Anchor: 9
    m_Material: {fileID: 2100000, guid: c22777d6e868e4f2fb421913386b154e, type: 2}
    m_SubmeshIndex: 0
    m_ManualUV: 0
    elementGroup: 0
    m_TextureGroup: 4
  - m_Indexes: 3d0000003f0000003c0000003d0000003e0000003f000000
    m_SmoothingGroup: 0
    m_Uv:
      m_UseWorldSpace: 0
      m_FlipU: 0
      m_FlipV: 0
      m_SwapUV: 0
      m_Fill: 1
      m_Scale: {x: 1, y: 1}
      m_Offset: {x: 0, y: 0}
      m_Rotation: 0
      m_Anchor: 9
    m_Material: {fileID: 2100000, guid: c22777d6e868e4f2fb421913386b154e, type: 2}
    m_SubmeshIndex: 0
    m_ManualUV: 0
    elementGroup: 0
    m_TextureGroup: 5
  - m_Indexes: 420000004300000040000000410000004200000040000000
    m_SmoothingGroup: 0
    m_Uv:
      m_UseWorldSpace: 0
      m_FlipU: 0
      m_FlipV: 0
      m_SwapUV: 0
      m_Fill: 1
      m_Scale: {x: 1, y: 1}
      m_Offset: {x: 0, y: 0}
      m_Rotation: 0
      m_Anchor: 9
    m_Material: {fileID: 2100000, guid: c22777d6e868e4f2fb421913386b154e, type: 2}
    m_SubmeshIndex: 0
    m_ManualUV: 0
    elementGroup: 0
    m_TextureGroup: 6
  - m_Indexes: 450000004600000047000000440000004500000047000000
    m_SmoothingGroup: 0
    m_Uv:
      m_UseWorldSpace: 0
      m_FlipU: 0
      m_FlipV: 0
      m_SwapUV: 0
      m_Fill: 1
      m_Scale: {x: 1, y: 1}
      m_Offset: {x: 0, y: 0}
      m_Rotation: 0
      m_Anchor: 9
    m_Material: {fileID: 2100000, guid: c22777d6e868e4f2fb421913386b154e, type: 2}
    m_SubmeshIndex: 0
    m_ManualUV: 0
    elementGroup: 0
    m_TextureGroup: 6
  - m_Indexes: 4a0000004b00000048000000490000004a00000048000000
    m_SmoothingGroup: 0
    m_Uv:
      m_UseWorldSpace: 0
      m_FlipU: 0
      m_FlipV: 0
      m_SwapUV: 0
      m_Fill: 1
      m_Scale: {x: 1, y: 1}
      m_Offset: {x: 0, y: 0}
      m_Rotation: 0
      m_Anchor: 9
    m_Material: {fileID: 2100000, guid: c22777d6e868e4f2fb421913386b154e, type: 2}
    m_SubmeshIndex: 0
    m_ManualUV: 0
    elementGroup: 0
    m_TextureGroup: 7
  - m_Indexes: 4d0000004f0000004c0000004d0000004e0000004f000000
    m_SmoothingGroup: 0
    m_Uv:
      m_UseWorldSpace: 0
      m_FlipU: 0
      m_FlipV: 0
      m_SwapUV: 0
      m_Fill: 1
      m_Scale: {x: 1, y: 1}
      m_Offset: {x: 0, y: 0}
      m_Rotation: 0
      m_Anchor: 9
    m_Material: {fileID: 2100000, guid: c22777d6e868e4f2fb421913386b154e, type: 2}
    m_SubmeshIndex: 0
    m_ManualUV: 0
    elementGroup: 0
    m_TextureGroup: 8
  - m_Indexes: 500000005200000053000000500000005100000052000000
    m_SmoothingGroup: 0
    m_Uv:
      m_UseWorldSpace: 0
      m_FlipU: 0
      m_FlipV: 0
      m_SwapUV: 0
      m_Fill: 1
      m_Scale: {x: 1, y: 1}
      m_Offset: {x: 0, y: 0}
      m_Rotation: 0
      m_Anchor: 9
    m_Material: {fileID: 2100000, guid: c22777d6e868e4f2fb421913386b154e, type: 2}
    m_SubmeshIndex: 0
    m_ManualUV: 0
    elementGroup: 0
    m_TextureGroup: 8
  - m_Indexes: 550000005700000054000000550000005600000057000000
    m_SmoothingGroup: 0
    m_Uv:
      m_UseWorldSpace: 0
      m_FlipU: 0
      m_FlipV: 0
      m_SwapUV: 0
      m_Fill: 1
      m_Scale: {x: 1, y: 1}
      m_Offset: {x: 0, y: 0}
      m_Rotation: 0
      m_Anchor: 9
    m_Material: {fileID: 2100000, guid: c22777d6e868e4f2fb421913386b154e, type: 2}
    m_SubmeshIndex: 0
    m_ManualUV: 0
    elementGroup: 0
    m_TextureGroup: 9
  - m_Indexes: 580000005a0000005b00000058000000590000005a000000
    m_SmoothingGroup: 0
    m_Uv:
      m_UseWorldSpace: 0
      m_FlipU: 0
      m_FlipV: 0
      m_SwapUV: 0
      m_Fill: 1
      m_Scale: {x: 1, y: 1}
      m_Offset: {x: 0, y: 0}
      m_Rotation: 0
      m_Anchor: 9
    m_Material: {fileID: 2100000, guid: c22777d6e868e4f2fb421913386b154e, type: 2}
    m_SubmeshIndex: 0
    m_ManualUV: 0
    elementGroup: 0
    m_TextureGroup: 9
  - m_Indexes: 5c0000005d0000005e0000005d0000005f0000005e000000
    m_SmoothingGroup: 0
    m_Uv:
      m_UseWorldSpace: 0
      m_FlipU: 0
      m_FlipV: 0
      m_SwapUV: 0
      m_Fill: 1
      m_Scale: {x: 1, y: 1}
      m_Offset: {x: 0, y: 0}
      m_Rotation: 0
      m_Anchor: 9
    m_Material: {fileID: 0}
    m_SubmeshIndex: 0
    m_ManualUV: 0
    elementGroup: -1
    m_TextureGroup: -1
  - m_Indexes: 600000006100000062000000610000006300000062000000
    m_SmoothingGroup: 0
    m_Uv:
      m_UseWorldSpace: 0
      m_FlipU: 0
      m_FlipV: 0
      m_SwapUV: 0
      m_Fill: 1
      m_Scale: {x: 1, y: 1}
      m_Offset: {x: 0, y: 0}
      m_Rotation: 0
      m_Anchor: 9
    m_Material: {fileID: 0}
    m_SubmeshIndex: 0
    m_ManualUV: 0
    elementGroup: -1
    m_TextureGroup: -1
  - m_Indexes: 640000006500000066000000650000006700000066000000
    m_SmoothingGroup: 0
    m_Uv:
      m_UseWorldSpace: 0
      m_FlipU: 0
      m_FlipV: 0
      m_SwapUV: 0
      m_Fill: 1
      m_Scale: {x: 1, y: 1}
      m_Offset: {x: 0, y: 0}
      m_Rotation: 0
      m_Anchor: 9
    m_Material: {fileID: 0}
    m_SubmeshIndex: 0
    m_ManualUV: 0
    elementGroup: -1
    m_TextureGroup: -1
  - m_Indexes: 68000000690000006a000000690000006b0000006a000000
    m_SmoothingGroup: 0
    m_Uv:
      m_UseWorldSpace: 0
      m_FlipU: 0
      m_FlipV: 0
      m_SwapUV: 0
      m_Fill: 1
      m_Scale: {x: 1, y: 1}
      m_Offset: {x: 0, y: 0}
      m_Rotation: 0
      m_Anchor: 9
    m_Material: {fileID: 0}
    m_SubmeshIndex: 0
    m_ManualUV: 0
    elementGroup: -1
    m_TextureGroup: -1
  m_SharedVertices:
  - m_Vertices: 00000000130000002d00000034000000
  - m_Vertices: 010000000c000000250000002c000000
  - m_Vertices: 020000001500000008000000
  - m_Vertices: 030000000e00000009000000
  - m_Vertices: 10000000200000004100000048000000
  - m_Vertices: 0d000000040000004000000055000000
  - m_Vertices: 0f000000060000000b000000
  - m_Vertices: 1100000021000000240000003d000000
  - m_Vertices: 05000000120000004d00000054000000
  - m_Vertices: 07000000140000000a000000
  - m_Vertices: 1600000022000000350000003c000000
  - m_Vertices: 1700000023000000490000004c000000
  - m_Vertices: 1a000000310000003a000000
  - m_Vertices: 180000002a0000006500000068000000
  - m_Vertices: 190000002900000032000000
  - m_Vertices: 1b000000390000005c00000069000000
  - m_Vertices: 1d000000520000005e0000006b000000
  - m_Vertices: 1f0000004600000059000000
  - m_Vertices: 1c00000045000000670000006a000000
  - m_Vertices: 1e000000510000005a000000
  - m_Vertices: 26000000280000002f00000033000000
  - m_Vertices: 270000002b0000003e0000006100000064000000
  - m_Vertices: 2e00000030000000370000003b000000
  - m_Vertices: 36000000380000003f0000005d00000060000000
  - m_Vertices: 42000000440000004b0000006300000066000000
  - m_Vertices: 43000000470000005600000058000000
  - m_Vertices: 4a0000004f000000530000005f00000062000000
  - m_Vertices: 4e00000050000000570000005b000000
  m_SharedTextures: []
  m_Positions:
  - {x: 0, y: 2.625, z: 0}
  - {x: 0.75, y: 2.625, z: 0}
  - {x: 0, y: 3, z: 0}
  - {x: 0.75, y: 3, z: 0}
  - {x: 0.75, y: 2.625, z: -6}
  - {x: 0, y: 2.625, z: -6}
  - {x: 0.75, y: 3, z: -6}
  - {x: 0, y: 3, z: -6}
  - {x: 0, y: 3, z: 0}
  - {x: 0.75, y: 3, z: 0}
  - {x: 0, y: 3, z: -6}
  - {x: 0.75, y: 3, z: -6}
  - {x: 0.75, y: 2.625, z: 0}
  - {x: 0.75, y: 2.625, z: -6}
  - {x: 0.75, y: 3, z: 0}
  - {x: 0.75, y: 3, z: -6}
  - {x: 0.75, y: 2.625, z: -5.625}
  - {x: 0.75, y: 2.625, z: -0.375}
  - {x: 0, y: 2.625, z: -6}
  - {x: 0, y: 2.625, z: 0}
  - {x: 0, y: 3, z: -6}
  - {x: 0, y: 3, z: 0}
  - {x: 0, y: 2.625, z: -0.375}
  - {x: 0, y: 2.625, z: -5.625}
  - {x: 0.75, y: -0.0001001358, z: -0.375}
  - {x: 0.75, y: -0.0001001358, z: 0}
  - {x: 0, y: -0.0001001358, z: 0}
  - {x: 0, y: -0.0001001358, z: -0.375}
  - {x: 0.75, y: -0.0001001358, z: -5.625}
  - {x: 0, y: -0.0001001358, z: -5.625}
  - {x: 0, y: -0.0001001358, z: -6}
  - {x: 0.75, y: -0.0001001358, z: -6}
  - {x: 0.75, y: 2.625, z: -5.625}
  - {x: 0.75, y: 2.625, z: -0.375}
  - {x: 0, y: 2.625, z: -0.375}
  - {x: 0, y: 2.625, z: -5.625}
  - {x: 0.75, y: 2.625, z: -0.375}
  - {x: 0.75, y: 2.625, z: 0}
  - {x: 0.75, y: 0.375, z: 0}
  - {x: 0.75, y: 0.375, z: -0.375}
  - {x: 0.75, y: 0.375, z: 0}
  - {x: 0.75, y: -0.0001001358, z: 0}
  - {x: 0.75, y: -0.0001001358, z: -0.375}
  - {x: 0.75, y: 0.375, z: -0.375}
  - {x: 0.75, y: 2.625, z: 0}
  - {x: 0, y: 2.625, z: 0}
  - {x: 0, y: 0.375, z: 0}
  - {x: 0.75, y: 0.375, z: 0}
  - {x: 0, y: 0.375, z: 0}
  - {x: 0, y: -0.0001001358, z: 0}
  - {x: 0.75, y: -0.0001001358, z: 0}
  - {x: 0.75, y: 0.375, z: 0}
  - {x: 0, y: 2.625, z: 0}
  - {x: 0, y: 2.625, z: -0.375}
  - {x: 0, y: 0.375, z: -0.375}
  - {x: 0, y: 0.375, z: 0}
  - {x: 0, y: 0.375, z: -0.375}
  - {x: 0, y: -0.0001001358, z: -0.375}
  - {x: 0, y: -0.0001001358, z: 0}
  - {x: 0, y: 0.375, z: 0}
  - {x: 0, y: 2.625, z: -0.375}
  - {x: 0.75, y: 2.625, z: -0.375}
  - {x: 0.75, y: 0.375, z: -0.375}
  - {x: 0, y: 0.375, z: -0.375}
  - {x: 0.75, y: 2.625, z: -6}
  - {x: 0.75, y: 2.625, z: -5.625}
  - {x: 0.75, y: 0.375, z: -5.625}
  - {x: 0.75, y: 0.375, z: -6}
  - {x: 0.75, y: 0.375, z: -5.625}
  - {x: 0.75, y: -0.0001001358, z: -5.625}
  - {x: 0.75, y: -0.0001001358, z: -6}
  - {x: 0.75, y: 0.375, z: -6}
  - {x: 0.75, y: 2.625, z: -5.625}
  - {x: 0, y: 2.625, z: -5.625}
  - {x: 0, y: 0.375, z: -5.625}
  - {x: 0.75, y: 0.375, z: -5.625}
  - {x: 0, y: 2.625, z: -5.625}
  - {x: 0, y: 2.625, z: -6}
  - {x: 0, y: 0.375, z: -6}
  - {x: 0, y: 0.375, z: -5.625}
  - {x: 0, y: 0.375, z: -6}
  - {x: 0, y: -0.0001001358, z: -6}
  - {x: 0, y: -0.0001001358, z: -5.625}
  - {x: 0, y: 0.375, z: -5.625}
  - {x: 0, y: 2.625, z: -6}
  - {x: 0.75, y: 2.625, z: -6}
  - {x: 0.75, y: 0.375, z: -6}
  - {x: 0, y: 0.375, z: -6}
  - {x: 0.75, y: 0.375, z: -6}
  - {x: 0.75, y: -0.0001001358, z: -6}
  - {x: 0, y: -0.0001001358, z: -6}
  - {x: 0, y: 0.375, z: -6}
  - {x: 0, y: -0.0001001358, z: -0.375}
  - {x: 0, y: 0.375, z: -0.375}
  - {x: 0, y: -0.0001001358, z: -5.625}
  - {x: 0, y: 0.375, z: -5.625}
  - {x: 0, y: 0.375, z: -0.375}
  - {x: 0.75, y: 0.375, z: -0.375}
  - {x: 0, y: 0.375, z: -5.625}
  - {x: 0.75, y: 0.375, z: -5.625}
  - {x: 0.75, y: 0.375, z: -0.375}
  - {x: 0.75, y: -0.0001001358, z: -0.375}
  - {x: 0.75, y: 0.375, z: -5.625}
  - {x: 0.75, y: -0.0001001358, z: -5.625}
  - {x: 0.75, y: -0.0001001358, z: -0.375}
  - {x: 0, y: -0.0001001358, z: -0.375}
  - {x: 0.75, y: -0.0001001358, z: -5.625}
  - {x: 0, y: -0.0001001358, z: -5.625}
  m_Textures0:
  - {x: 0, y: 2.625}
  - {x: -0.75, y: 2.625}
  - {x: 0, y: 3}
  - {x: -0.75, y: 3}
  - {x: 0.75, y: 2.625}
  - {x: 0, y: 2.625}
  - {x: 0.75, y: 3}
  - {x: 0, y: 3}
  - {x: 0, y: 0}
  - {x: 0.75, y: 0}
  - {x: 0, y: -6}
  - {x: 0.75, y: -6}
  - {x: 0, y: 2.625}
  - {x: -6, y: 2.625}
  - {x: 0, y: 3}
  - {x: -6, y: 3}
  - {x: -5.625, y: 2.625}
  - {x: -0.375, y: 2.625}
  - {x: 6, y: 2.625}
  - {x: 0, y: 2.625}
  - {x: 6, y: 3}
  - {x: 0, y: 3}
  - {x: 0.375, y: 2.625}
  - {x: 5.625, y: 2.625}
  - {x: -0.75, y: -0.375}
  - {x: -0.75, y: 0}
  - {x: 0, y: 0}
  - {x: -0, y: -0.375}
  - {x: -0.75, y: -5.625}
  - {x: -0, y: -5.625}
  - {x: -0, y: -6}
  - {x: -0.75, y: -6}
  - {x: -0.75, y: -5.625}
  - {x: -0.75, y: -0.375}
  - {x: 0, y: -0.375}
  - {x: 0, y: -5.625}
  - {x: -0.375, y: 2.625}
  - {x: 0, y: 2.625}
  - {x: 0, y: 0.375}
  - {x: -0.375, y: 0.375}
  - {x: 0, y: 0.375}
  - {x: 0, y: -0.0001001358}
  - {x: -0.375, y: -0.0001001358}
  - {x: -0.375, y: 0.375}
  - {x: -0.75, y: 2.625}
  - {x: 0, y: 2.625}
  - {x: 0, y: 0.375}
  - {x: -0.75, y: 0.375}
  - {x: 0, y: 0.375}
  - {x: 0, y: -0.0001001358}
  - {x: -0.75, y: -0.0001001358}
  - {x: -0.75, y: 0.375}
  - {x: 0, y: 2.625}
  - {x: 0.375, y: 2.625}
  - {x: 0.375, y: 0.375}
  - {x: 0, y: 0.375}
  - {x: 0.375, y: 0.375}
  - {x: 0.375, y: -0.0001001358}
  - {x: 0, y: -0.0001001358}
  - {x: 0, y: 0.375}
  - {x: 0, y: 2.625}
  - {x: 0.75, y: 2.625}
  - {x: 0.75, y: 0.375}
  - {x: 0, y: 0.375}
  - {x: -6, y: 2.625}
  - {x: -5.625, y: 2.625}
  - {x: -5.625, y: 0.375}
  - {x: -6, y: 0.375}
  - {x: -5.625, y: 0.375}
  - {x: -5.625, y: -0.0001001358}
  - {x: -6, y: -0.0001001358}
  - {x: -6, y: 0.375}
  - {x: -0.75, y: 2.625}
  - {x: 0, y: 2.625}
  - {x: 0, y: 0.375}
  - {x: -0.75, y: 0.375}
  - {x: 5.625, y: 2.625}
  - {x: 6, y: 2.625}
  - {x: 6, y: 0.375}
  - {x: 5.625, y: 0.375}
  - {x: 6, y: 0.375}
  - {x: 6, y: -0.0001001358}
  - {x: 5.625, y: -0.0001001358}
  - {x: 5.625, y: 0.375}
  - {x: 0, y: 2.625}
  - {x: 0.75, y: 2.625}
  - {x: 0.75, y: 0.375}
  - {x: 0, y: 0.375}
  - {x: 0.75, y: 0.375}
  - {x: 0.75, y: -0.0001001358}
  - {x: 0, y: -0.0001001358}
  - {x: 0, y: 0.375}
  - {x: 0.375, y: -0.0001001358}
  - {x: 0.375, y: 0.375}
  - {x: 5.625, y: -0.0001001358}
  - {x: 5.625, y: 0.375}
  - {x: 0, y: -0.375}
  - {x: 0.75, y: -0.375}
  - {x: 0, y: -5.625}
  - {x: 0.75, y: -5.625}
  - {x: -0.375, y: 0.375}
  - {x: -0.375, y: -0.0001001358}
  - {x: -5.625, y: 0.375}
  - {x: -5.625, y: -0.0001001358}
  - {x: -0.75, y: -0.375}
  - {x: -0, y: -0.375}
  - {x: -0.75, y: -5.625}
  - {x: -0, y: -5.625}
  m_Textures2: []
  m_Textures3: []
  m_Tangents:
  - {x: -1, y: 0, z: 0, w: -1}
  - {x: -1, y: 0, z: 0, w: -1}
  - {x: -1, y: 0, z: 0, w: -1}
  - {x: -1, y: 0, z: 0, w: -1}
  - {x: 1, y: 0, z: 0, w: -1}
  - {x: 1, y: 0, z: 0, w: -1}
  - {x: 1, y: 0, z: 0, w: -1}
  - {x: 1, y: 0, z: 0, w: -1}
  - {x: 1, y: 0, z: 0, w: -1}
  - {x: 1, y: 0, z: 0, w: -1}
  - {x: 1, y: 0, z: 0, w: -1}
  - {x: 1, y: 0, z: 0, w: -1}
  - {x: 0, y: 0, z: 1, w: -1}
  - {x: 0, y: 0, z: 1, w: -1}
  - {x: 0, y: 0, z: 1, w: -1}
  - {x: 0, y: 0, z: 1, w: -1}
  - {x: 0, y: 0, z: 1, w: -1}
  - {x: 0, y: 0, z: 1, w: -1}
  - {x: 0, y: 0, z: -1, w: -1}
  - {x: 0, y: 0, z: -1, w: -1}
  - {x: 0, y: 0, z: -1, w: -1}
  - {x: 0, y: 0, z: -1, w: -1}
  - {x: 0, y: 0, z: -1, w: -1}
  - {x: 0, y: 0, z: -1, w: -1}
  - {x: -1, y: 0, z: 0, w: -1}
  - {x: -1, y: 0, z: 0, w: -1}
  - {x: -1, y: 0, z: 0, w: -1}
  - {x: -1, y: 0, z: 0, w: -1}
  - {x: -1, y: 0, z: 0, w: -1}
  - {x: -1, y: 0, z: 0, w: -1}
  - {x: -1, y: 0, z: 0, w: -1}
  - {x: -1, y: 0, z: 0, w: -1}
  - {x: -1, y: 0, z: 0, w: -1}
  - {x: -1, y: 0, z: 0, w: -1}
  - {x: -1, y: 0, z: 0, w: -1}
  - {x: -1, y: 0, z: 0, w: -1}
  - {x: 0, y: 0, z: 1, w: -1}
  - {x: 0, y: 0, z: 1, w: -1}
  - {x: 0, y: 0, z: 1, w: -1}
  - {x: 0, y: 0, z: 1, w: -1}
  - {x: 0, y: 0, z: 1, w: -1}
  - {x: 0, y: 0, z: 1, w: -1}
  - {x: 0, y: 0, z: 1, w: -1}
  - {x: 0, y: 0, z: 1, w: -1}
  - {x: -1, y: 0, z: 0, w: -1}
  - {x: -1, y: 0, z: 0, w: -1}
  - {x: -1, y: 0, z: 0, w: -1}
  - {x: -1, y: 0, z: 0, w: -1}
  - {x: -1, y: 0, z: 0, w: -1}
  - {x: -1, y: 0, z: 0, w: -1}
  - {x: -1, y: 0, z: 0, w: -1}
  - {x: -1, y: 0, z: 0, w: -1}
  - {x: 0, y: 0, z: -1, w: -1}
  - {x: 0, y: 0, z: -1, w: -1}
  - {x: 0, y: 0, z: -1, w: -1}
  - {x: 0, y: 0, z: -1, w: -1}
  - {x: 0, y: 0, z: -1, w: -1}
  - {x: 0, y: 0, z: -1, w: -1}
  - {x: 0, y: 0, z: -1, w: -1}
  - {x: 0, y: 0, z: -1, w: -1}
  - {x: 1, y: 0, z: 0, w: -1}
  - {x: 1, y: 0, z: 0, w: -1}
  - {x: 1, y: 0, z: 0, w: -1}
  - {x: 1, y: 0, z: 0, w: -1}
  - {x: 0, y: 0, z: 1, w: -1}
  - {x: 0, y: 0, z: 1, w: -1}
  - {x: 0, y: 0, z: 1, w: -1}
  - {x: 0, y: 0, z: 1, w: -1}
  - {x: 0, y: 0, z: 1, w: -1}
  - {x: 0, y: 0, z: 1, w: -1}
  - {x: 0, y: 0, z: 1, w: -1}
  - {x: 0, y: 0, z: 1, w: -1}
  - {x: -1, y: 0, z: 0, w: -1}
  - {x: -1, y: 0, z: 0, w: -1}
  - {x: -1, y: 0, z: 0, w: -1}
  - {x: -1, y: 0, z: 0, w: -1}
  - {x: 0, y: 0, z: -1, w: -1}
  - {x: 0, y: 0, z: -1, w: -1}
  - {x: 0, y: 0, z: -1, w: -1}
  - {x: 0, y: 0, z: -1, w: -1}
  - {x: 0, y: 0, z: -1, w: -1}
  - {x: 0, y: 0, z: -1, w: -1}
  - {x: 0, y: 0, z: -1, w: -1}
  - {x: 0, y: 0, z: -1, w: -1}
  - {x: 1, y: 0, z: 0, w: -1}
  - {x: 1, y: 0, z: 0, w: -1}
  - {x: 1, y: 0, z: 0, w: -1}
  - {x: 1, y: 0, z: 0, w: -1}
  - {x: 1, y: 0, z: 0, w: -1}
  - {x: 1, y: 0, z: 0, w: -1}
  - {x: 1, y: 0, z: 0, w: -1}
  - {x: 1, y: 0, z: 0, w: -1}
  - {x: 0, y: 0, z: -1, w: -1}
  - {x: 0, y: 0, z: -1, w: -1}
  - {x: 0, y: 0, z: -1, w: -1}
  - {x: 0, y: 0, z: -1, w: -1}
  - {x: 1, y: 0, z: 0, w: -1}
  - {x: 1, y: 0, z: 0, w: -1}
  - {x: 1, y: 0, z: 0, w: -1}
  - {x: 1, y: 0, z: 0, w: -1}
  - {x: 0, y: 0, z: 1, w: -1}
  - {x: 0, y: 0, z: 1, w: -1}
  - {x: 0, y: 0, z: 1, w: -1}
  - {x: 0, y: 0, z: 1, w: -1}
  - {x: -1, y: 0, z: 0, w: -1}
  - {x: -1, y: 0, z: 0, w: -1}
  - {x: -1, y: 0, z: 0, w: -1}
  - {x: -1, y: 0, z: 0, w: -1}
  m_Colors: []
  m_UnwrapParameters:
    m_HardAngle: 88
    m_PackMargin: 20
    m_AngleError: 8
    m_AreaError: 15
  m_PreserveMeshAssetOnDestroy: 0
  assetGuid: 
  m_Mesh: {fileID: 0}
  m_IsSelectable: 1
  m_SelectedFaces: 
  m_SelectedEdges: []
  m_SelectedVertices: 
--- !u!23 &7402187837774968623
MeshRenderer:
  m_ObjectHideFlags: 0
  m_CorrespondingSourceObject: {fileID: 0}
  m_PrefabInstance: {fileID: 0}
  m_PrefabAsset: {fileID: 0}
  m_GameObject: {fileID: 7402187837774968594}
  m_Enabled: 1
  m_CastShadows: 1
  m_ReceiveShadows: 1
  m_DynamicOccludee: 1
  m_MotionVectors: 1
  m_LightProbeUsage: 1
  m_ReflectionProbeUsage: 1
  m_RayTracingMode: 2
  m_RayTraceProcedural: 0
  m_RenderingLayerMask: 1
  m_RendererPriority: 0
  m_Materials:
  - {fileID: 2100000, guid: cf3c6b956d751ba4ba69da1ab3c86a16, type: 2}
  m_StaticBatchInfo:
    firstSubMesh: 0
    subMeshCount: 0
  m_StaticBatchRoot: {fileID: 0}
  m_ProbeAnchor: {fileID: 0}
  m_LightProbeVolumeOverride: {fileID: 0}
  m_ScaleInLightmap: 1
  m_ReceiveGI: 1
  m_PreserveUVs: 0
  m_IgnoreNormalsForChartDetection: 0
  m_ImportantGI: 0
  m_StitchLightmapSeams: 1
  m_SelectedEditorRenderState: 2
  m_MinimumChartSize: 4
  m_AutoUVMaxDistance: 0.5
  m_AutoUVMaxAngle: 89
  m_LightmapParameters: {fileID: 0}
  m_SortingLayerID: 0
  m_SortingLayer: 0
  m_SortingOrder: 0
  m_AdditionalVertexStreams: {fileID: 0}
--- !u!33 &7402187837774968592
MeshFilter:
  m_ObjectHideFlags: 0
  m_CorrespondingSourceObject: {fileID: 0}
  m_PrefabInstance: {fileID: 0}
  m_PrefabAsset: {fileID: 0}
  m_GameObject: {fileID: 7402187837774968594}
  m_Mesh: {fileID: 0}
--- !u!64 &7402187837774968593
MeshCollider:
  m_ObjectHideFlags: 0
  m_CorrespondingSourceObject: {fileID: 0}
  m_PrefabInstance: {fileID: 0}
  m_PrefabAsset: {fileID: 0}
  m_GameObject: {fileID: 7402187837774968594}
  m_Material: {fileID: 0}
  m_IsTrigger: 0
  m_Enabled: 1
  serializedVersion: 4
  m_Convex: 0
  m_CookingOptions: 30
  m_Mesh: {fileID: 0}
